@online{reddit_multicopter,
    author = {Reddit},
    title = {{/r/Multicopter}},
    url = {https://www.reddit.com/r/Multicopter},
}

@online{reddit_drones,
    author = {Reddit},
    title = {{/r/drones}},
    url = {https://www.reddit.com/r/drones},
}

@online{rcgroups,
    author = {RCGroups},
    title = {RCGroups},
    url = {https://www.rcgroups.com/},
}

@online{propwashed,
    author = {Propwashed},
    title = {Propwashed},
    url = {https://www.propwashed.com/},
}

@online{oscarliang,
    author = {Oscar Liang},
    title = {Oscar Liang},
    url = {https://oscarliang.com/},
}

@online{tmotor,
    author = {T-Motor},
    title = {T-Motor},
    url = {https://store-en.tmotor.com/},
}

@online{emax,
    author = {EMAX},
    title = {EMAX},
    url = {https://emaxmodel.com/},
}

@online{hqprop,
    author = {HQProp},
    title = {HQProp},
    url = {https://www.hqprop.com/},
}

@online{turnigy,
    author = {Turnigy},
    title = {Turnigy},
    url = {https://hobbyking.com/},
}

@online{rotorbuilds,
    author = {RotorBuilds},
    title = {RotorBuilds},
    url = {https://rotorbuilds.com/},
}

@online{getfpv,
    author = {GetFPV},
    title = {GetFPV},
    url = {https://www.getfpv.com/},
}

@online{dronedj,
    author = {DroneDJ},
    title = {DroneDJ},
    url = {https://dronedj.com/},
}

@online{droneflyers,
    author = {Drone Flyers},
    title = {Drone Flyers},
    url = {https://droneflyers.com/},
}

@online{multirotorguide,
    author = {Multirotor Guide},
    title = {Multirotor Guide},
    url = {https://www.multirotorguide.com/},
}

@online{fpvknowitall,
    author = {FPV Know-It-All},
    title = {FPV Know-It-All},
    url = {https://www.fpvknowitall.com/},
}

@book{callister,
    author = {William D. Callister},
    title = {Ciência e Engenharia de Materiais: Uma Introdução},
}
